@manual{IBM2024,
  title = {PowerPC Architecture: Technical Overview},
  author = {{IBM Corporation}},
  year = {2024},
  note = {Prieiga per internetą: \url{https://www.ibm.com/docs/en/powerpc}},
}

@manual{Renesas2024,
  title = {SuperH RISC Engine: Technical Reference Manual},
  author = {{Renesas Electronics}},
  year = {2024},
  note = {Prieiga per internetą: \url{https://www.renesas.com/documentation}},
}

@misc{Wikipedia2024,
  author = {{Wikipedia contributors}},
  year = {2024},
  title = {PowerPC and SuperH Architecture},
  note = {Prieiga per internetą: \url{https://en.wikipedia.org/wiki/PowerPC}, \url{https://en.wikipedia.org/wiki/SuperH} },
}

@misc{ChatGPT2024,
  author = {{OpenAI}},
  year = {2024},
  title = {ChatGPT (GPT-4) - Large Language Model},
  note = {Prieiga per internetą: \url{https://chat.openai.com}, panaudota: 2024-12-17, klausimas: "19. (neprivaloma) ar yra emuliatorių abiem architektūroms?  Jei tokių rasite, pateikite jų URL ir (arba) leidinio metaduomenis."}
}
